<collection xmlns="http://www.loc.gov/MARC21/slim">
<record>
  <leader>01151nam0a22002051i 450 </leader>
  <controlfield tag="001">IT\ICCU\CNCE\051951</controlfield>
  <controlfield tag="005">20121206000000.0</controlfield>
  <datafield tag="100" ind1=" " ind2=" ">
    <subfield code="a">20010427d1596        0itac0103    ba</subfield>
  </datafield>
  <datafield tag="101" ind1=" " ind2=" ">
    <subfield code="a">LAT</subfield>
  </datafield>
  <datafield tag="102" ind1=" " ind2=" ">
    <subfield code="a">IT</subfield>
  </datafield>
  <datafield tag="200" ind1="1" ind2=" ">
    <subfield code="a">Index librorum prohibitorum cum regulis confectis per patres a Tridentina synodo delectos. Auctoritate Pii IIII primus editus. Postea vero a Sixto V auctus, et nunc demum S. D. N. Clementis papae VIII iussu recognitus, &amp; publicatus. Instructione adiecta. De exequendae prohibitionis, dq̈ue sincer ̈emendandi, &amp; imprimendi libros, ratione</subfield>
  </datafield>
  <datafield tag="210" ind1=" " ind2=" ">
    <subfield code="a">Veronae</subfield>
    <subfield code="c">apud Franciscum  ̉Donuis \!! &amp; Scipionem Vargnanum Generum</subfield>
    <subfield code="d">1596</subfield>
  </datafield>
  <datafield tag="215" ind1=" " ind2=" ">
    <subfield code="a">140 p.</subfield>
    <subfield code="d">12ʻ</subfield>
  </datafield>
  <datafield tag="500" ind1="1" ind2="1">
    <subfield code="3">IT\ICCU\CNCE\051896</subfield>
    <subfield code="a">Index librorum prohibitorum</subfield>
  </datafield>
  <datafield tag="620" ind1=" " ind2=" ">
    <subfield code="a">IT</subfield>
    <subfield code="d">Verona</subfield>
  </datafield>
  <datafield tag="712" ind1="0" ind2="2">
    <subfield code="a">Santa Sede</subfield>
    <subfield code="b"> : Congregazione dell&apos;Indice</subfield>
    <subfield code="3">IT\ICCU\CNCA\016380</subfield>
  </datafield>
  <datafield tag="712" ind1="0" ind2="0">
    <subfield code="a">Dalle_Donne, Francesco &amp; Vargnano, Scipione</subfield>
    <subfield code="3">IT\ICCU\CNCT\000297</subfield>
    <subfield code="4">650</subfield>
  </datafield>
  <datafield tag="791" ind1="0" ind2="2">
    <subfield code="a">Congregazione dell&apos;Indice de&apos; libri proibiti</subfield>
    <subfield code="3">24204</subfield>
    <subfield code="z">Santa Sede : Congregazione dell&apos;Indice</subfield>
  </datafield>
  <datafield tag="791" ind1="0" ind2="0">
    <subfield code="a">Vargnano, Scipione</subfield>
    <subfield code="3">IT\ICCU\CNCT\000298</subfield>
    <subfield code="z">Dalle_Donne, Francesco &amp; Vargnano, Scipione</subfield>
  </datafield>
  <datafield tag="801" ind1=" " ind2="3">
    <subfield code="a">IT</subfield>
    <subfield code="b">ICCU</subfield>
    <subfield code="c">20201115</subfield>
  </datafield>
</record>
</collection>
